%YAML 1.1
%TAG !u! tag:unity3d.com,2011:
--- !u!1 &1569361258432093655
GameObject:
  m_ObjectHideFlags: 0
  m_CorrespondingSourceObject: {fileID: 0}
  m_PrefabInstance: {fileID: 0}
  m_PrefabAsset: {fileID: 0}
  serializedVersion: 6
  m_Component:
  - component: {fileID: 2041208206663756250}
  m_Layer: 9
  m_Name: Anchor
  m_TagString: Untagged
  m_Icon: {fileID: 0}
  m_NavMeshLayer: 0
  m_StaticEditorFlags: 0
  m_IsActive: 1
--- !u!4 &2041208206663756250
Transform:
  m_ObjectHideFlags: 0
  m_CorrespondingSourceObject: {fileID: 0}
  m_PrefabInstance: {fileID: 0}
  m_PrefabAsset: {fileID: 0}
  m_GameObject: {fileID: 1569361258432093655}
  m_LocalRotation: {x: 0, y: 0, z: 0, w: 1}
  m_LocalPosition: {x: 0, y: 0.15, z: 0.114}
  m_LocalScale: {x: 1, y: 1, z: 1}
  m_Children: []
  m_Father: {fileID: 3025753735310808947}
  m_RootOrder: 2
  m_LocalEulerAnglesHint: {x: 0, y: 0, z: 0}
--- !u!143 &-1048366335529882897
CharacterController:
  m_ObjectHideFlags: 0
  m_CorrespondingSourceObject: {fileID: 0}
  m_PrefabInstance: {fileID: 0}
  m_PrefabAsset: {fileID: 0}
  m_GameObject: {fileID: 3025753735310904083}
  m_Material: {fileID: 0}
  m_IsTrigger: 0
  m_Enabled: 1
  serializedVersion: 2
  m_Height: 1
  m_Radius: 0.2
  m_SlopeLimit: 45
  m_StepOffset: 0.3
  m_SkinWidth: 0.08
  m_MinMoveDistance: 0.001
  m_Center: {x: 0, y: 0.4, z: 0}
--- !u!114 &-7344312918496951854
MonoBehaviour:
  m_ObjectHideFlags: 0
  m_CorrespondingSourceObject: {fileID: 0}
  m_PrefabInstance: {fileID: 0}
  m_PrefabAsset: {fileID: 0}
  m_GameObject: {fileID: 3025753735310904083}
  m_Enabled: 1
  m_EditorHideFlags: 0
  m_Script: {fileID: 11500000, guid: ae8837afff1a4c84f92e67a91f5accba, type: 3}
  m_Name: 
  m_EditorClassIdentifier: 
  shootPoint: {fileID: 2041208206663756250}
  layerMask:
    serializedVersion: 2
    m_Bits: 1280
  hasShootDistance: 1
  maxShootDistance: 4
  fireRate: 1
  bulletSpeed: 4
  damageAmount: 1
  bulletType: 1
--- !u!114 &3895802497908255580
MonoBehaviour:
  m_ObjectHideFlags: 0
  m_CorrespondingSourceObject: {fileID: 0}
  m_PrefabInstance: {fileID: 0}
  m_PrefabAsset: {fileID: 0}
  m_GameObject: {fileID: 3025753735310904083}
  m_Enabled: 1
  m_EditorHideFlags: 0
  m_Script: {fileID: 11500000, guid: 60f20505d18c4164697cf83da77b1c5a, type: 3}
  m_Name: 
  m_EditorClassIdentifier: 
  moveSpeed: 0
  collisionHitAmount: 1
  coinsAmount: 10
  updateMovementTimeRate: 2
  maxMovementDistance: 1
  enemyType: 0
--- !u!195 &4399492284553166842
NavMeshAgent:
  m_ObjectHideFlags: 0
  m_CorrespondingSourceObject: {fileID: 0}
  m_PrefabInstance: {fileID: 0}
  m_PrefabAsset: {fileID: 0}
  m_GameObject: {fileID: 3025753735310904083}
  m_Enabled: 1
  m_AgentTypeID: 0
  m_Radius: 0.1
  m_Speed: 0
  m_Acceleration: 0
  avoidancePriority: 50
  m_AngularSpeed: 0
  m_StoppingDistance: 0
  m_AutoTraverseOffMeshLink: 1
  m_AutoBraking: 1
  m_AutoRepath: 1
  m_Height: 0.4
  m_BaseOffset: 0
  m_WalkableMask: 4294967295
  m_ObstacleAvoidanceType: 4
--- !u!114 &8207350355821529744
MonoBehaviour:
  m_ObjectHideFlags: 0
  m_CorrespondingSourceObject: {fileID: 0}
  m_PrefabInstance: {fileID: 0}
  m_PrefabAsset: {fileID: 0}
  m_GameObject: {fileID: 3025753735310904083}
  m_Enabled: 1
  m_EditorHideFlags: 0
  m_Script: {fileID: 11500000, guid: fef851197329df540a8e895be2e0a6b7, type: 3}
  m_Name: 
  m_EditorClassIdentifier: 
  maxHp: 3
--- !u!1001 &3025753735310937173
PrefabInstance:
  m_ObjectHideFlags: 0
  serializedVersion: 2
  m_Modification:
    m_TransformParent: {fileID: 0}
    m_Modifications:
    - target: {fileID: 100166, guid: fbbb7e0ccd296444f8f4cb972237bf3a, type: 3}
      propertyPath: m_Name
      value: ArcShooter
      objectReference: {fileID: 0}
    - target: {fileID: 100166, guid: fbbb7e0ccd296444f8f4cb972237bf3a, type: 3}
      propertyPath: m_Layer
      value: 9
      objectReference: {fileID: 0}
    - target: {fileID: 100002, guid: fbbb7e0ccd296444f8f4cb972237bf3a, type: 3}
      propertyPath: m_Layer
      value: 9
      objectReference: {fileID: 0}
    - target: {fileID: 100060, guid: fbbb7e0ccd296444f8f4cb972237bf3a, type: 3}
      propertyPath: m_Layer
      value: 9
      objectReference: {fileID: 0}
    - target: {fileID: 400166, guid: fbbb7e0ccd296444f8f4cb972237bf3a, type: 3}
      propertyPath: m_LocalPosition.x
      value: 0
      objectReference: {fileID: 0}
    - target: {fileID: 400166, guid: fbbb7e0ccd296444f8f4cb972237bf3a, type: 3}
      propertyPath: m_LocalPosition.y
      value: 0
      objectReference: {fileID: 0}
    - target: {fileID: 400166, guid: fbbb7e0ccd296444f8f4cb972237bf3a, type: 3}
      propertyPath: m_LocalPosition.z
      value: 0
      objectReference: {fileID: 0}
    - target: {fileID: 400166, guid: fbbb7e0ccd296444f8f4cb972237bf3a, type: 3}
      propertyPath: m_LocalRotation.x
      value: 0
      objectReference: {fileID: 0}
    - target: {fileID: 400166, guid: fbbb7e0ccd296444f8f4cb972237bf3a, type: 3}
      propertyPath: m_LocalRotation.y
      value: 0
      objectReference: {fileID: 0}
    - target: {fileID: 400166, guid: fbbb7e0ccd296444f8f4cb972237bf3a, type: 3}
      propertyPath: m_LocalRotation.z
      value: 0
      objectReference: {fileID: 0}
    - target: {fileID: 400166, guid: fbbb7e0ccd296444f8f4cb972237bf3a, type: 3}
      propertyPath: m_LocalRotation.w
      value: 1
      objectReference: {fileID: 0}
    - target: {fileID: 400166, guid: fbbb7e0ccd296444f8f4cb972237bf3a, type: 3}
      propertyPath: m_RootOrder
      value: 0
      objectReference: {fileID: 0}
    - target: {fileID: 400166, guid: fbbb7e0ccd296444f8f4cb972237bf3a, type: 3}
      propertyPath: m_LocalEulerAnglesHint.x
      value: 0
      objectReference: {fileID: 0}
    - target: {fileID: 400166, guid: fbbb7e0ccd296444f8f4cb972237bf3a, type: 3}
      propertyPath: m_LocalEulerAnglesHint.y
      value: 0
      objectReference: {fileID: 0}
    - target: {fileID: 400166, guid: fbbb7e0ccd296444f8f4cb972237bf3a, type: 3}
      propertyPath: m_LocalEulerAnglesHint.z
      value: 0
      objectReference: {fileID: 0}
    - target: {fileID: 100024, guid: fbbb7e0ccd296444f8f4cb972237bf3a, type: 3}
      propertyPath: m_Layer
      value: 9
      objectReference: {fileID: 0}
    - target: {fileID: 100404, guid: fbbb7e0ccd296444f8f4cb972237bf3a, type: 3}
      propertyPath: m_Layer
      value: 9
      objectReference: {fileID: 0}
    - target: {fileID: 100016, guid: fbbb7e0ccd296444f8f4cb972237bf3a, type: 3}
      propertyPath: m_Layer
      value: 9
      objectReference: {fileID: 0}
    - target: {fileID: 100036, guid: fbbb7e0ccd296444f8f4cb972237bf3a, type: 3}
      propertyPath: m_Layer
      value: 9
      objectReference: {fileID: 0}
    - target: {fileID: 100042, guid: fbbb7e0ccd296444f8f4cb972237bf3a, type: 3}
      propertyPath: m_Layer
      value: 9
      objectReference: {fileID: 0}
    - target: {fileID: 100006, guid: fbbb7e0ccd296444f8f4cb972237bf3a, type: 3}
      propertyPath: m_Layer
      value: 9
      objectReference: {fileID: 0}
    - target: {fileID: 100008, guid: fbbb7e0ccd296444f8f4cb972237bf3a, type: 3}
      propertyPath: m_Layer
      value: 9
      objectReference: {fileID: 0}
    - target: {fileID: 100022, guid: fbbb7e0ccd296444f8f4cb972237bf3a, type: 3}
      propertyPath: m_Layer
      value: 9
      objectReference: {fileID: 0}
    - target: {fileID: 100026, guid: fbbb7e0ccd296444f8f4cb972237bf3a, type: 3}
      propertyPath: m_Layer
      value: 9
      objectReference: {fileID: 0}
    - target: {fileID: 100028, guid: fbbb7e0ccd296444f8f4cb972237bf3a, type: 3}
      propertyPath: m_Layer
      value: 9
      objectReference: {fileID: 0}
    - target: {fileID: 100004, guid: fbbb7e0ccd296444f8f4cb972237bf3a, type: 3}
      propertyPath: m_Layer
      value: 9
      objectReference: {fileID: 0}
    - target: {fileID: 100010, guid: fbbb7e0ccd296444f8f4cb972237bf3a, type: 3}
      propertyPath: m_Layer
      value: 9
      objectReference: {fileID: 0}
    - target: {fileID: 100020, guid: fbbb7e0ccd296444f8f4cb972237bf3a, type: 3}
      propertyPath: m_Layer
      value: 9
      objectReference: {fileID: 0}
    - target: {fileID: 100030, guid: fbbb7e0ccd296444f8f4cb972237bf3a, type: 3}
      propertyPath: m_Layer
      value: 9
      objectReference: {fileID: 0}
    - target: {fileID: 100040, guid: fbbb7e0ccd296444f8f4cb972237bf3a, type: 3}
      propertyPath: m_Layer
      value: 9
      objectReference: {fileID: 0}
    - target: {fileID: 100012, guid: fbbb7e0ccd296444f8f4cb972237bf3a, type: 3}
      propertyPath: m_Layer
      value: 9
      objectReference: {fileID: 0}
    - target: {fileID: 100018, guid: fbbb7e0ccd296444f8f4cb972237bf3a, type: 3}
      propertyPath: m_Layer
      value: 9
      objectReference: {fileID: 0}
    - target: {fileID: 100032, guid: fbbb7e0ccd296444f8f4cb972237bf3a, type: 3}
      propertyPath: m_Layer
      value: 9
      objectReference: {fileID: 0}
    - target: {fileID: 100038, guid: fbbb7e0ccd296444f8f4cb972237bf3a, type: 3}
      propertyPath: m_Layer
      value: 9
      objectReference: {fileID: 0}
    - target: {fileID: 100162, guid: fbbb7e0ccd296444f8f4cb972237bf3a, type: 3}
      propertyPath: m_Layer
      value: 9
      objectReference: {fileID: 0}
    - target: {fileID: 100406, guid: fbbb7e0ccd296444f8f4cb972237bf3a, type: 3}
      propertyPath: m_Layer
      value: 9
      objectReference: {fileID: 0}
    - target: {fileID: 100014, guid: fbbb7e0ccd296444f8f4cb972237bf3a, type: 3}
      propertyPath: m_Layer
      value: 9
      objectReference: {fileID: 0}
    - target: {fileID: 100034, guid: fbbb7e0ccd296444f8f4cb972237bf3a, type: 3}
      propertyPath: m_Layer
      value: 9
      objectReference: {fileID: 0}
    - target: {fileID: 100408, guid: fbbb7e0ccd296444f8f4cb972237bf3a, type: 3}
      propertyPath: m_Layer
      value: 9
      objectReference: {fileID: 0}
    - target: {fileID: 100410, guid: fbbb7e0ccd296444f8f4cb972237bf3a, type: 3}
      propertyPath: m_Layer
      value: 9
      objectReference: {fileID: 0}
    - target: {fileID: 100412, guid: fbbb7e0ccd296444f8f4cb972237bf3a, type: 3}
      propertyPath: m_Layer
      value: 9
      objectReference: {fileID: 0}
    - target: {fileID: 100168, guid: fbbb7e0ccd296444f8f4cb972237bf3a, type: 3}
      propertyPath: m_Layer
      value: 9
      objectReference: {fileID: 0}
    m_RemovedComponents: []
  m_SourcePrefab: {fileID: 100100000, guid: fbbb7e0ccd296444f8f4cb972237bf3a, type: 3}
--- !u!1 &3025753735310904083 stripped
GameObject:
  m_CorrespondingSourceObject: {fileID: 100166, guid: fbbb7e0ccd296444f8f4cb972237bf3a,
    type: 3}
  m_PrefabInstance: {fileID: 3025753735310937173}
  m_PrefabAsset: {fileID: 0}
--- !u!4 &3025753735310808947 stripped
Transform:
  m_CorrespondingSourceObject: {fileID: 400166, guid: fbbb7e0ccd296444f8f4cb972237bf3a,
    type: 3}
  m_PrefabInstance: {fileID: 3025753735310937173}
  m_PrefabAsset: {fileID: 0}
